<?xml version="1.0" encoding="UTF-8"?><collection xmlns="http://www.loc.gov/MARC21/slim"><record><leader>00364nam--2200145-i-4500</leader><controlfield tag="001">000008041</controlfield><controlfield tag="002">20161230</controlfield><controlfield tag="005">20170211142317</controlfield><controlfield tag="008">060222s1000------------r-----000-0-eng-d</controlfield><datafield ind1=" " ind2=" " tag="100"><subfield code="a">Cesari, Franco</subfield></datafield><datafield ind1=" " ind2=" " tag="245"><subfield code="a">Contenitore metallico per impianti nucleari</subfield></datafield><datafield ind1=" " ind2=" " tag="260"><subfield code="a">Roma</subfield><subfield code="b">C.N.E.N</subfield><subfield code="c">1964</subfield></datafield><datafield ind1=" " ind2=" " tag="300"><subfield code="a">549 p</subfield></datafield><datafield ind1=" " ind2=" " tag="852"><subfield code="a">621.039.536</subfield></datafield><datafield ind1=" " ind2=" " tag="CAT"><subfield code="a">SYS</subfield><subfield code="c">20170211</subfield><subfield code="h">142317</subfield></datafield></record></collection>